@online{cpp,
    url = "http://www.cplusplus.com/reference"
}